<?xml version="1.0" encoding="utf-8"?>
<record xmlns="http://www.loc.gov/MARC21/slim" xmlns:xsi="http://www.w3.org/2001/XMLSchema-instance" xsi:schemaLocation="http://www.loc.gov/MARC21/slim http://www.loc.gov/standards/marcxml/schema/MARC21slim.xsd">
	<leader>     nam a22     Mi 4500</leader>
	<controlfield tag="001">2981822</controlfield>
	<controlfield tag="003">NNC</controlfield>
	<controlfield tag="006">m        d        </controlfield>
	<controlfield tag="007">cr cn |||m|||a</controlfield>
	<controlfield tag="008">190409s1969    iq      o     000 0 araod</controlfield>
	<datafield ind1=" " ind2=" " tag="040">
		<subfield code="a">ZYU</subfield>
		<subfield code="b">ara</subfield>
		<subfield code="e">rda</subfield>
		<subfield code="c">ZYU</subfield>
	</datafield>
	<datafield ind1="1" ind2="4" tag="050">
		<subfield code="a">PJ7840.A85</subfield>
	</datafield>
	<datafield ind1="0" ind2="0" tag="245">
		<subfield code="a">Muḥammad Mahdī al-Jawāhirī :</subfield>
		<subfield code="b">dirāsāt naqdīyah aʻaddahā farīq min al-kitāb al-ʻIrāqiyīn /</subfield>
		<subfield code="c">Ashraf ʻalá Iṣdārihā Hādī al-ʻAlawī.</subfield>
	</datafield>
	<datafield ind1=" " ind2=" " tag="260">
		<subfield code="a">al-Najaf :</subfield>
		<subfield code="b">Maṭbaʻat al-Nuʻmān,</subfield>
		<subfield code="c">1969.</subfield>
	</datafield>
	<datafield ind1=" " ind2=" " tag="300">
		<subfield code="a">online resource (214 pages)</subfield>
	</datafield>
	<datafield ind1=" " ind2=" " tag="336">
		<subfield code="a">text</subfield>
		<subfield code="2">rdacontent</subfield>
	</datafield>
	<datafield ind1=" " ind2=" " tag="337">
		<subfield code="a">computer</subfield>
		<subfield code="2">rdamedia</subfield>
	</datafield>
	<datafield ind1=" " ind2=" " tag="338">
		<subfield code="a">online resource</subfield>
		<subfield code="2">rdacarrier</subfield>
	</datafield>
	<datafield ind1=" " ind2=" " tag="500">
		<subfield code="a">Part of the Arabic Collections Online (ACO) project, contributed by Columbia University Libraries.</subfield>
	</datafield>
	<datafield ind1="0" ind2=" " tag="505">
		<subfield code="a">Min riḥlat al-fikr wa-al-taḥawul, li-Hadī al-ʻAalawī -- al-Shāʻir wa-al-Ḥakim wa-al-Madīnah, li-Jabrā Ibrāhīm Jabrā -- min al-Jhurbah ḥattā waʻy al-ghurbah, li-Fawzī Karīm -- al-Jawāhirī wa-al-turāth, li-Hāshim al-ṭaʻān -- maʻ al-marʼah, li-Dāʼūd Sallūm. -- lughat al-Shiʻr ʻind al-Jawāhirī, li-Ibrahīm al-Sāmarrāʼī -- al-Jawahirī Suḥfan, li-Salīm Tāhā al-Takrītī.</subfield>
	</datafield>
	<datafield ind1=" " ind2=" " tag="533">
		<subfield code="a">Electronic reproduction.</subfield>
		<subfield code="b">New York, N.Y. :</subfield>
		<subfield code="c">New York University,</subfield>
		<subfield code="d">2019.</subfield>
		<subfield code="5">NNU</subfield>
	</datafield>
	<datafield ind1="1" ind2="0" tag="600">
		<subfield code="a">Jawāhirī, Muḥammad Mahdī,</subfield>
		<subfield code="d">1899?-1997.</subfield>
	</datafield>
	<datafield ind1="1" ind2="7" tag="600">
		<subfield code="a">Jawāhirī, Muḥammad Mahdī,</subfield>
		<subfield code="d">1899?-1997.</subfield>
		<subfield code="2">fast</subfield>
		<subfield code="0">(OCoLC)fst01898308</subfield>
	</datafield>
	<datafield ind1="1" ind2=" " tag="700">
		<subfield code="a">ʻAlawī, Hādī.</subfield>
	</datafield>
	<datafield ind1="2" ind2=" " tag="710">
		<subfield code="a">Columbia University.</subfield>
		<subfield code="b">Libraries.</subfield>
	</datafield>
	<datafield ind1="0" ind2=" " tag="730">
		<subfield code="a">Arabic Collections Online.</subfield>
	</datafield>
	<datafield ind1="0" ind2="8" tag="776">
		<subfield code="i">Print version:</subfield>
		<subfield code="t">Muḥammad Mahdī al-Jawāhirī</subfield>
		<subfield code="w">(NNC)2981822</subfield>
		<subfield code="w">(OCoLC)79073139</subfield>
	</datafield>
	<datafield ind1="4" ind2="0" tag="856">
		<subfield code="u">http://hdl.handle.net/2333.1/r7sqvk71</subfield>
	</datafield>
	<datafield ind1=" " ind2=" " tag="959">
		<subfield code="a">NNU</subfield>
		<subfield code="b">WEB</subfield>
		<subfield code="c">GENI</subfield>
		<subfield code="t">0</subfield>
		<subfield code="m">Electronic access</subfield>
		<subfield code="s">01</subfield>
	</datafield>
	<datafield ind1=" " ind2=" " tag="999">
		<subfield code="i">NNC_2981822</subfield>
		<subfield code="o">(OCoLC)ocm79073139 </subfield>
		<subfield code="s">columbia_aco003696</subfield>
		<subfield code="e">(ERROR-880)</subfield>
	</datafield>
</record>
